<collection xmlns="http://www.loc.gov/MARC21/slim"><record><leader>00660nam  2200205   450</leader><controlfield tag="001">66</controlfield><controlfield tag="003">http://montalegre.opacnet.com/OPAC/default.aspx?ContentAreaControl=ShowRegHoldings.ascx&amp;RegNo=16662</controlfield><datafield tag="095" ind1=" " ind2=" "><subfield code="a">PTBN00287080</subfield></datafield><datafield tag="100" ind1=" " ind2=" "><subfield code="a">20061013d1971    m  y0pora010305  ba</subfield></datafield><datafield tag="101" ind1="1" ind2=" "><subfield code="a">por</subfield><subfield code="c">fre</subfield></datafield><datafield tag="102" ind1=" " ind2=" "><subfield code="a">PT</subfield></datafield><datafield tag="200" ind1="1" ind2=" "><subfield code="a">&lt;Os &gt;bem-aventurados da desolação</subfield><subfield code="f">Jean-Pierre Hervé Bazin</subfield><subfield code="g">trad. Rogério Lima</subfield></datafield><datafield tag="210" ind1=" " ind2=" "><subfield code="a">Amadora</subfield><subfield code="c">Bertrand</subfield><subfield code="d">[D.L. 1971]</subfield></datafield><datafield tag="215" ind1=" " ind2=" "><subfield code="a">282, [3] p.</subfield><subfield code="d">20 cm</subfield></datafield><datafield tag="225" ind1="2" ind2=" "><subfield code="a">Autores universais</subfield></datafield><datafield tag="304" ind1=" " ind2=" "><subfield code="a">Tít. orig.: Les bienheureux de la désolation</subfield></datafield><datafield tag="675" ind1=" " ind2=" "><subfield code="a">821</subfield></datafield><datafield tag="700" ind1=" " ind2="1"><subfield code="a">Bazin</subfield><subfield code="b">Hervé</subfield></datafield><datafield tag="702" ind1=" " ind2="1"><subfield code="a">Lima</subfield><subfield code="b">Rogério</subfield><subfield code="4">730</subfield></datafield><datafield tag="801" ind1=" " ind2="0"><subfield code="a">PT</subfield><subfield code="b">Biblioteca Municipal de Montalegre</subfield><subfield code="g">RPC</subfield></datafield><datafield tag="909" ind1="&#9;" ind2=" "><subfield code="a">1</subfield></datafield><datafield tag="966" ind1=" " ind2=" "><subfield code="a">0008183</subfield><subfield code="l">BMM</subfield><subfield code="s">SCG 821 BAZ bem</subfield></datafield></record></collection>